@article{morrison2016representing,
  title={Representing model inadequacy: A stochastic operator approach},
  author={Morrison, R.E. and Oliver, T.A. and Moser, R.D.},
  journal={arXiv preprint arXiv:1604.01651},
  year={2016}
}
